@article{Xarticle,
    author    = "",
    title     = "",
    journal   = "",
    year      = "XXXX",
    %volume   = "",
    %number   = "",
    %pages    = "",    
    %month    = "",
    %note     = "",
}

@book{Xbook,
	author    = "",
	title     = "",
	publisher = "",
	%volume   = "",
	%number   = "",
	%series   = "",
	%address  = "",
	%edition  = "",
	year      = "XXXX",
	%month    = "",
	%note     = "",
}

@phdthesis{Xphdthesis,
	author		= "",
	title		= "",
	school		= "",
	%address	= "",
	year		= "",
	%month		= "",
	%keywords	= "",
	%note		= "",
}

@proceedings{Xproceedings,
	title		= "",
	%editor		= "",
	%volume		= "",
	%number		= "",
	%series		= "",
	%address	= "",
	%organization	= "",
	%publisher	= "",
	year		= "",
	%month		= "",
	%note		= "",
}

@article{1_Campbell_2017,
	author    = "Earl T Campbell and Mark Howard",
	title     = "Unified framework for magic state distillation and multiqubit gate synthesis
	with reduced resource cost",
	journal   = "Phys. Rev. A",
	volume   = "95",
	number   = "022316",	
	year      = "2017",
	%pages    = "",
	%month    = "",
	%note     = "",
}

@article{2_Campbell_2017,
	author    = "Earl T Campbell and Mark Howard",
	title     = "Unifying Gate Synthesis and Magic State Distillation",
	journal   = "Phys. Rev. Lett.",
	volume   = "118",
	number   = "060501",
	year      = "2017",
	%month    = "",
	%note     = "",
}

@article{3_Amy_2013,
	author    = "Matthew Amy and Dmitri Maslov and Michele Mosca and Martin Roetteler",
	title     = "A meet-in-the-middle algorithm for fast synthesis of depth-optimal
	quantum circuits",
	journal   = "arXiv",
	volume   = "arXiv:1206.0758v3 [quant-ph]",
	year      = "2013",
	%month    = "",
	%note     = "",
}

@article{4_Amy_2013,
	author    = "Matthew Amy and Dmitri Maslov and Michele Mosca",
	title     = "Polynomial-time T-depth Optimization of Clifford+T circuits via
	Matroid Partitioning",
	journal   = "arXiv",
	volume   = "arXiv:1303.2042v2 [quant-ph]",
	year      = "2013",
	%month    = "",
	%note     = "",
}

@article{5_Gosset_2013,
	author    = "David Gosset and Vadym Kliuchnikov and Michele Mosca and Vincent Russo",
	title     = "An Algorithm for the T-Count",
	journal   = "arXiv",
	volume   = "arXiv:1308.4134v1 [quant-ph]",
	year      = "2013",
	%month    = "",
	%note     = "",
}

@article{6_Kliuchnikov_2013,
	author    = "Vadym Kliuchnikov",
	title     = "Synthesis of unitaries with Clifford+T circuits",
	journal   = "arXiv",
	volume   = "arXiv:1306.3200v1 [quant-ph]",
	year      = "2013",
	%month    = "",
	%note     = "",
}

@article{7_Campbell_2017,
	author    = "Earl T Campbell",
	title     = "Shorter gate sequences for quantum computing by mixing unitaries",
	journal   = "arXiv",
	volume   = "arXiv:1612.02689v2 [quant-ph]",
	year      = "2017",
	%month    = "",
	%note     = "",
}

@article{8_Amy_2016,
	author    = "Matthew Amy and Michele Mosca",
	title     = "T-count optimization and Reed-Muller codes",
	journal   = "arXiv",
	volume   = "arXiv:1601.07363v1 [quant-ph]",
	year      = "2016",
	%month    = "",
	%note     = "",
}

@misc{9_Abdessaied_2014,
	title		= "Quantum Circuit Optimization by Hadamard
	Gate Reduction",
	author		= "Nabila Abdessaied and Mathias Soeken and Rolf Drechsler",
	year		= "2014",
	%month		= "",
	%note		= "",
}

@misc{10_Abdessaied_2014,
	title		= "Technology Mapping of Reversible Circuits to
	Clifford+T Quantum Circuits",
	author		= "Nabila Abdessaied and and Matthew Amy and Mathias Soeken and Rolf Drechsler",
	year		= "2016",
	%month		= "",
	%note		= "",
}

@article{11_Abdessaied_2016,
	author    = "Nabila Abdessaied and Matthew Amy and Rolf Drechsler and Mathias Soeken",
	title     = "Complexity of reversible circuits and their quantum implementations",
	journal   = "Theoretical Computer Science",
	volume   = "618",
	pages    = "85-106",
	year      = "2016",
	%month    = "",
	%note     = "",
}

@article{12_Giles_2013,
	author    = "Brett Giles and Peter Selinger",
	title     = "Exact synthesis of multiqubit Clifford+ T circuits",
	journal   = "Phys. Rev. A",
	volume   = "87",
	number   = "032332",
	year      = "2013",
	%month    = "",
	%note     = "",
}

@article{13_Kliuchnikov_2013,
	author    = "Vadym Kliuchnikov and Dmitri Maslov and Michele Mosca",
	title     = "Fast and effcient exact synthesis of single qubit unitaries
	generated by Clifford and T gates",
	journal   = "arXiv",
	volume   = "arXiv:1206.5236v4 [quant-ph]",
	year      = "2013",
	%month    = "",
	%note     = "",
}

@article{14_Kliuchnikov_2013,
	author    = "Vadym Kliuchnikov and Dmitri Maslov and Michele Mosca",
	title     = "Asymptotically optimal approximation of single qubit unitaries by Clifford
	and T circuits using a constant number of ancillary qubits",
	journal   = "arXiv",
	volume   = "arXiv:1212.0822v2 [quant-ph]",
	year      = "2012",
	%month    = "",
	%note     = "",
}

@article{15_Kliuchnikov_2013,
	author    = "Vadym Kliuchnikov and Dmitri Maslov and Michele Mosca",
	title     = "Practical approximation of single-qubit unitaries
	by single-qubit quantum Clifford and T circuits",
	journal   = "arXiv",
	volume   = "arXiv:1212.6964v2 [quant-ph]",
	year      = "2014",
	%month    = "",
	%note     = "",
}

@article{16_Ross_2016,
	author    = "Neil J Ross and Peter Selinger",
	title     = "Optimal ancilla-free Clifford+T approximation of z-rotations",
	journal   = "arXiv",
	volume   = "arXiv:1403.2975v3 [quant-ph]",
	year      = "2016",
	%month    = "",
	%note     = "",
}

@article{17_Bocharov_2015,
	author    = "Alex Bocharov and Martin Roetteler and Krysta M Svore",
	title     = "Efficient Synthesis of Universal Repeat-Until-Success Quantum Circuits",
	journal   = "Phys. Rev. Lett",
	volume   = "114",
	number   = "080502",
	year      = "2015",
	%month    = "",
	%note     = "",
}

@article{18_Selinger_2013,
	author    = "Peter Selinger",
	title     = "Quantum circuits of T-depth one",
	journal   = "Phys. Rev. A",
	volume   = "87",
	number   = "042302",
	year      = "2013",
	%month    = "",
	%note     = "",
}

@article{19_Maslov_2016,
	author    = "Dmitri Maslov",
	title     = "Optimal and asymptotically optimal NCT reversible circuits by
	the gate types",
	journal   = "arXiv",
	volume   = "arXiv:1602.02627v4 [quant-ph]",
	year      = "XXXX",
	%month    = "",
	%note     = "",
}

@article{20_Lempel_1975,
	author    = "Abraham Lempel",
	title     = "Matrix Factorization over GF(2) and Trace-Orthogonal Bases of GF($2^n$)",
	journal   = "SIAM J. Comput.",
	volume   = "4",
	number   = "2",
	year      = "1975",
	%month    = "",
	%note     = "",
}

@article{21_Reed_1954,
	author    = "Irving S Reed",
	title     = "A class of multiple-error-correcting codes and the decoding scheme",
	journal   = "Transactions of the IRE Professional Group on Information Theory",
	volume   = "4",
	number   = "4",
	pages    = "38-49",
	year      = "1954",
	%month    = "",
	%note     = "",
}

@article{22_Jones_2013,
	author    = "Cody Jones",
	title     = "Low-overhead constructions for the fault-tolerant Toffoli gate",
	journal   = "Phys. Rev. A",
	volume   = "87",
	number   = "022328",
	year      = "2013",
	%month    = "",
	%note     = "",
}

@article{23_Howard_2017,
	author    = "Mark Howard and Earl Campbell",
	title     = "Application of a resource theory for magic states to fault-tolerant quantum computing",
	journal   = "arXiv",
	volume   = "arXiv:1609.07488v2 [quant-ph]",
	year      = "2017",
	%month    = "",
	%note     = "",
}

@article{24_Shor_1999,
	author    = "Peter Shor",
	title     = "Polynomial-Time Algorithms for	Prime Factorization and	Discrete Logarithms on a Quantum Computer",
	journal   = "SIAM Rev.",
	volume   = "41",
	number   = "2",
	pages    = "303-332",
	year      = "1999",
	%month    = "",
	%note     = "",
}
\\
@article{25_Rivest:1978:MOD:359340.359342,
	author = {Rivest, R. L. and Shamir, A. and Adleman, L.},
	title = {A Method for Obtaining Digital Signatures and Public-key Cryptosystems},
	journal = {Commun. ACM},
	issue_date = {Feb. 1978},
	volume = {21},
	number = {2},
	month = feb,
	year = {1978},
	issn = {0001-0782},
	pages = {120--126},
	numpages = {7},
	url = {http://doi.acm.org.sheffield.idm.oclc.org/10.1145/359340.359342},
	doi = {10.1145/359340.359342},
	acmid = {359342},
	publisher = {ACM},
	address = {New York, NY, USA},
	keywords = {authentication, cryptography, digital signatures, electronic funds transfer, electronic mail, factorization, message-passing, prime number, privacy, public-key cryptosystems, security},
}

@article{26_Wang_2009,
	author    = "D.S. Wang and A. G. Fowler and A. M. Stephens and L. C. L. Hollenberg",
	title     = "Threshold Error Rates for the Toric and Surface Codes",
	journal   = "arXiv",
	volume   = "arXiv:0905.0531v1 [quant-ph]",
	year      = "2009",
	%number   = "",
	%pages    = "",	
	%month    = "",
	%note     = "",
}

@phdthesis{27_Gottesman_1997,
	author		= "Daniel Gottesman",
	title		= "Stabilizer Codes and Quantum Error Correction",
	school		= "California Institute of Technology",
	address		= "Pasadena, California",
	year		= "1997",
	%month		= "",
	%keywords	= "",
	%note		= "",
}

@article{28_Knill_1998,
	author    = "Emanuel Knill and Raymond Laflamme and Wojciech H. Zurek",
	title     = "Resilient Quantum Computation",
	journal   = "Science",
	year      = "1998",
	volume   = "279",
	number   = "5349",
	pages    = "342-345",    
	%month    = "",
	%note     = "",
}

@article{29_Dennis_2002,
	author    = "Eric Dennis and Alexei Kitaev and Andrew Landahl and John Preskill",
	title     = "Topological Quantum Memory",
	journal   = "Journal of Mathematical Physics",
	year      = "2002",
	volume   = "43",
	number   = "4452",
	%pages    = "",    
	%month    = "",
	%note     = "",
}

@article{30_Gottesman_1997,
	author    = "Daniel Gottesman",
	title     = "Theory of fault-tolerant quantum computation",
	journal   = "Physical Review A",
	year      = "1997",
	volume   = "57",
	number   = "1",
	%pages    = "",    
	%month    = "",
	%note     = "",
}

@article{31_Gottesman_1999,
	author    = "Daniel Gottesman and Isaac L. Chuang",
	title     = "Demonstrating the viability of universal quantum computation using teleportation and single-qubit operations",
	journal   = "Nature",
	year      = "1999",
	volume   = "402",
	pages    = "390-393",
	%number   = "",	    
	%month    = "",
	%note     = "",
}

@article{32_Bravyi_2005,
	author    = "Sergey Bravyi and Alexei Kitaev",
	title     = "Universal quantum computation with ideal Clifford gates and noisy ancillas",
	journal   = "Physical Review A",
	year      = "2005",
	volume   = "71",
	number   = "022316",
	%pages    = "",    
	%month    = "",
	%note     = "",
}
@article{33_Bravyi_2012,
	author    = "Sergey Bravyi and Jeongwan Haah",
	title     = "Magic-state distillation with low overhead",
	journal   = "Physical Review A",
	year      = "2012",
	volume   = "86",
	number   = "052329",
	%pages    = "",    
	%month    = "",
	%note     = "",
}

@book{35_Nielsen:2011:QCQ:1972505,
	author = {Nielsen, Michael A. and Chuang, Isaac L.},
	title = {Quantum Computation and Quantum Information: 10th Anniversary Edition},
	year = {2011},
	isbn = {1107002176, 9781107002173},
	edition = {10th},
	publisher = {Cambridge University Press},
	address = {New York, NY, USA},
}

@article{36_Lempel_1975,
	author    = "Abraham Lempel",
	title     = "Matrix Factorization Over GF(2) and Trace-Orthogonal Bases of GF(2)",
	journal   = "SIAM J. Comput.",
	year      = "1975",
	volume   = "4",
	number   = "2",
	%pages    = "",    
	%month    = "",
	%note     = "",
}

@misc{37_Maslov_web,
	author = {D. Maslov},
	title = {``Reversible logic synthesis benchmarks page''},
	howpublished = {\url{http://webhome.cs.uvic.ca/~dmaslov/}},
	note = {2011}
}

@Inbook{Abdessaied2014,
	author="Abdessaied, Nabila
	and Soeken, Mathias
	and Drechsler, Rolf",
	editor="Yamashita, Shigeru
	and Minato, Shin-ichi",
	title="Quantum Circuit Optimization by Hadamard Gate Reduction",
	bookTitle="Reversible Computation: 6th International Conference, RC 2014, Kyoto, Japan, July 10-11, 2014. Proceedings",
	year="2014",
	publisher="Springer International Publishing",
	address="Cham",
	pages="149--162",
	isbn="978-3-319-08494-7",
	doi="10.1007/978-3-319-08494-7_12",
	url="http://dx.doi.org/10.1007/978-3-319-08494-7_12"
}

@article{38_Dennis_2001,
	author    = "Eric Dennis and Alexei Kitaev and Andrew Landahl and John Preskill",
	title     = "Topological quantum memory",
	journal   = "arXiv",
	volume   = "	arXiv:quant-ph/0110143",
	year      = "2001",
	%number   = "",
	%pages    = "",	
	%month    = "",
	%note     = "",
}
@article{39_Gottesman_1999,
	author    = "Daniel Gottesman and Isaac L. Chuang",
	title     = "Demonstrating the viability of	universal quantum computation using teleportation and	single-qubit operations",
	journal   = "Nature",
	year      = "1999",
	volume   = "402",
	pages    = "390-393", 
	%number   = "",	   
	%month    = "",
	%note     = "",
}